@book{cmath94,
  author    = {Ronald Graham and Donald Knuth and Oren Patashnik},
  publisher = {Addison-Wesley},
  title     = {Concrete Mathematics},
  year      = {1994},
  edition   = {2},
}

@book{rough18,
  author    = {Tim Roughgarden},
  publisher = {Soundlikeyoureself Publishing, LLC},
  title     = {Algorithms Illuminated},
  subtitle  = {Part1: The Basics},
  year      = {2018},
  edition   = {1},
}